@article{nencioli2010vector,
  title={A vector geometry--based eddy detection algorithm and its application to a high-resolution numerical model product and high-frequency radar surface velocities in the Southern California Bight},
  author={Nencioli, Francesco and Dong, Changming and Dickey, Tommy and Washburn, Libe and McWilliams, James C},
  journal={Journal of atmospheric and oceanic technology},
  volume={27},
  number={3},
  pages={564--579},
  year={2010},
  publisher={American Meteorological Society}
}

@article{hussain1986coherent,
  title={Coherent structures and turbulence},
  author={Hussain, AKM Fazle},
  journal={Journal of Fluid Mechanics},
  volume={173},
  pages={303--356},
  year={1986},
  publisher={Cambridge University Press}
}

@article{haller2015lagrangian,
  title={Lagrangian coherent structures},
  author={Haller, George},
  journal={Annual Review of Fluid Mechanics},
  volume={47},
  pages={137--162},
  year={2015},
  publisher={Annual Reviews}
}

@article{mcwilliams1990vortices,
  title={The vortices of two-dimensional turbulence},
  author={McWilliams, James C},
  journal={Journal of Fluid mechanics},
  volume={219},
  pages={361--385},
  year={1990},
  publisher={Cambridge University Press}
}

@article{haller2012geodesic,
  title={Geodesic theory of transport barriers in two-dimensional flows},
  author={Haller, George and Beron-Vera, Francisco J},
  journal={Physica D: Nonlinear Phenomena},
  volume={241},
  number={20},
  pages={1680--1702},
  year={2012},
  publisher={Elsevier}
}

@incollection{kasten2011extraction,
  title={On the extraction of long-living features in unsteady fluid flows},
  author={Kasten, Jens and Hotz, Ingrid and Noack, Bernd R and Hege, Hans-Christian},
  booktitle={Topological Methods in Data Analysis and Visualization},
  pages={115--126},
  year={2011},
  publisher={Springer}
}

@article{haller2013coherent,
  title={Coherent Lagrangian vortices: The black holes of turbulence},
  author={Haller, George and Beron-Vera, Francisco J},
  journal={Journal of Fluid Mechanics},
  volume={731},
  year={2013},
  publisher={Cambridge University Press}
}

@article{beron2013objective,
  title={Objective detection of oceanic eddies and the Agulhas leakage},
  author={Beron-Vera, Francisco J and Wang, Yan and Olascoaga, Mar{\'\i}a J and Goni, Gustavo J and Haller, George},
  journal={Journal of Physical Oceanography},
  volume={43},
  number={7},
  pages={1426--1438},
  year={2013}
}

@book{wang2015identification,
  title={Identification and tracking of coherent Agulhas current rings},
  author={Wang, Yan},
  year={2015},
  publisher={University of Miami}
}

@article{chaigneau2011vertical,
  title={Vertical structure of mesoscale eddies in the eastern South Pacific Ocean: A composite analysis from altimetry and Argo profiling floats},
  author={Chaigneau, Alexis and Le Texier, Marie and Eldin, G{\'e}rard and Grados, Carmen and Pizarro, Oscar},
  journal={Journal of Geophysical Research: Oceans},
  volume={116},
  number={C11},
  year={2011},
  publisher={Wiley Online Library}
}

@article{de2006multi,
  title={Multi-sensor satellite and in situ measurements of a warm core ocean eddy south of the Brazil--Malvinas Confluence region},
  author={de Souza, Ronald Buss and Mata, Maur{\'\i}cio M and Garcia, Carlos AE and Kampel, Milton and Oliveira, Eduardo N and Lorenzzetti, Joao A},
  journal={Remote Sensing of Environment},
  volume={100},
  number={1},
  pages={52--66},
  year={2006},
  publisher={Elsevier}
}

@article{aref2017frontiers,
  title={Frontiers of chaotic advection},
  author={Aref, Hassan and Blake, John R and Budi{\v{s}}i{\'c}, Marko and Cardoso, Silvana SS and Cartwright, Julyan HE and Clercx, Herman JH and El Omari, Kamal and Feudel, Ulrike and Golestanian, Ramin and Gouillart, Emmanuelle and others},
  journal={Reviews of Modern Physics},
  volume={89},
  number={2},
  pages={025007},
  year={2017},
  publisher={APS}
}

@article{bettencourt2012oceanic,
  title={Oceanic three-dimensional Lagrangian coherent structures: A study of a mesoscale eddy in the Benguela upwelling region},
  author={Bettencourt, Joao H and L{\'o}pez, Crist{\'o}bal and Hern{\'a}ndez-Garc{\'\i}a, Emilio},
  journal={Ocean Modelling},
  volume={51},
  pages={73--83},
  year={2012},
  publisher={Elsevier}
}

@article{shadden2005definition,
  title={Definition and properties of Lagrangian coherent structures from finite-time Lyapunov exponents in two-dimensional aperiodic flows},
  author={Shadden, Shawn C and Lekien, Francois and Marsden, Jerrold E},
  journal={Physica D: Nonlinear Phenomena},
  volume={212},
  number={3-4},
  pages={271--304},
  year={2005},
  publisher={Elsevier}
}

@article{haller2011lagrangian,
  title={Lagrangian coherent structures and the smallest finite-time Lyapunov exponent},
  author={Haller, George and Sapsis, Themistoklis},
  journal={Chaos: An Interdisciplinary Journal of Nonlinear Science},
  volume={21},
  number={2},
  pages={023115},
  year={2011},
  publisher={American Institute of Physics}
}

@article{aurell1997predictability,
  title={Predictability in the large: an extension of the concept of Lyapunov exponent},
  author={Aurell, E and Boffetta, Guido and Crisanti, A and Paladin, G and Vulpiani, A},
  journal={Journal of Physics A: Mathematical and General},
  volume={30},
  number={1},
  pages={1},
  year={1997},
  publisher={IOP Publishing}
}

@article{joseph2002relation,
  title={Relation between kinematic boundaries, stirring, and barriers for the Antarctic polar vortex},
  author={Joseph, Binson and Legras, Bernard},
  journal={Journal of the Atmospheric Sciences},
  volume={59},
  number={7},
  pages={1198--1212},
  year={2002}
}

@article{d2004mixing,
  title={Mixing structures in the Mediterranean Sea from finite-size Lyapunov exponents},
  author={d'Ovidio, Francesco and Fern{\'a}ndez, Vicente and Hern{\'a}ndez-Garc{\'\i}a, Emilio and L{\'o}pez, Crist{\'o}bal},
  journal={Geophysical Research Letters},
  volume={31},
  number={17},
  year={2004},
  publisher={Wiley Online Library}
}

@article{haller2000lagrangian,
  title={Lagrangian coherent structures and mixing in two-dimensional turbulence},
  author={Haller, George and Yuan, Guocheng},
  journal={Physica D: Nonlinear Phenomena},
  volume={147},
  number={3-4},
  pages={352--370},
  year={2000},
  publisher={Elsevier}
}

@article{haller2011variational,
  title={A variational theory of hyperbolic Lagrangian coherent structures},
  author={Haller, George},
  journal={Physica D: Nonlinear Phenomena},
  volume={240},
  number={7},
  pages={574--598},
  year={2011},
  publisher={Elsevier}
}

@article{karrasch2013finite,
  title={Do finite-size Lyapunov exponents detect coherent structures?},
  author={Karrasch, Daniel and Haller, George},
  journal={Chaos: An Interdisciplinary Journal of Nonlinear Science},
  volume={23},
  number={4},
  pages={043126},
  year={2013},
  publisher={American Institute of Physics}
}

@article{haller2001distinguished,
  title={Distinguished material surfaces and coherent structures in three-dimensional fluid flows},
  author={Haller, George},
  journal={Physica D: Nonlinear Phenomena},
  volume={149},
  number={4},
  pages={248--277},
  year={2001},
  publisher={Elsevier}
}

@article{haller2002lagrangian,
  title={Lagrangian coherent structures from approximate velocity data},
  author={Haller, George},
  journal={Physics of fluids},
  volume={14},
  number={6},
  pages={1851--1861},
  year={2002},
  publisher={American Institute of Physics}
}

@incollection{truesdell2004non,
  title={The non-linear field theories of mechanics},
  author={Truesdell, Clifford and Noll, Walter},
  booktitle={The non-linear field theories of mechanics},
  pages={1--579},
  year={2004},
  publisher={Springer}
}

@article{blazevski2014hyperbolic,
  title={Hyperbolic and elliptic transport barriers in three-dimensional unsteady flows},
  author={Blazevski, Daniel and Haller, George},
  journal={Physica D: Nonlinear Phenomena},
  volume={273},
  pages={46--62},
  year={2014},
  publisher={Elsevier}
}

@article{wang2016life,
  title={The life cycle of a coherent Lagrangian Agulhas ring},
  author={Wang, Yan and Beron-Vera, Francisco J and Olascoaga, Mar{\'\i}a Josefina},
  journal={Journal of Geophysical Research: Oceans},
  volume={121},
  number={6},
  pages={3944--3954},
  year={2016},
  publisher={Wiley Online Library}
}

@article{zhang2014oceanic,
  title={Oceanic mass transport by mesoscale eddies},
  author={Zhang, Zhengguang and Wang, Wei and Qiu, Bo},
  journal={Science},
  volume={345},
  number={6194},
  pages={322--324},
  year={2014},
  publisher={American Association for the Advancement of Science}
}

@article{wang2015coherent,
  title={Coherent water transport across the South Atlantic},
  author={Wang, Yan and Olascoaga, Mar{\'\i}a Josefina and Beron-Vera, Francisco J},
  journal={Geophysical Research Letters},
  volume={42},
  number={10},
  pages={4072--4079},
  year={2015},
  publisher={Wiley Online Library}
}

@article{dong2012three,
  title={Three-dimensional oceanic eddy analysis in the Southern California Bight from a numerical product},
  author={Dong, Changming and Lin, Xiayan and Liu, Yu and Nencioli, Francesco and Chao, Yi and Guan, Yuping and Chen, Dake and Dickey, Tommy and McWilliams, James C},
  journal={Journal of Geophysical Research: Oceans},
  volume={117},
  number={C7},
  year={2012},
  publisher={Wiley Online Library}
}

@article{dong2014global,
  title={Global heat and salt transports by eddy movement},
  author={Dong, Changming and McWilliams, James C and Liu, Yu and Chen, Dake},
  journal={Nature communications},
  volume={5},
  number={1},
  pages={1--6},
  year={2014},
  publisher={Nature Publishing Group}
}

@article{liu2018gulf,
  title={Gulf stream transport and mixing processes via coherent structure dynamics},
  author={Liu, Yi and Wilson, Chris and Green, Melissa A and Hughes, Chris W},
  journal={Journal of Geophysical Research: Oceans},
  volume={123},
  number={4},
  pages={3014--3037},
  year={2018},
  publisher={Wiley Online Library}
}

@article{mcgillicuddy2007eddy,
  title={Eddy/wind interactions stimulate extraordinary mid-ocean plankton blooms},
  author={McGillicuddy Jr, Dennis J and Anderson, Laurence A and Bates, Nicholas R and Bibby, Thomas and Buesseler, Ken O and Carlson, Craig A and Davis, Cabell S and Ewart, Courtney and Falkowski, Paul G and Goldthwait, Sarah A and others},
  journal={Science},
  volume={316},
  number={5827},
  pages={1021--1026},
  year={2007},
  publisher={American Association for the Advancement of Science}
}

@article{chelton2011global,
  title={Global observations of nonlinear mesoscale eddies},
  author={Chelton, Dudley B and Schlax, Michael G and Samelson, Roger M},
  journal={Progress in oceanography},
  volume={91},
  number={2},
  pages={167--216},
  year={2011},
  publisher={Elsevier}
}

@article{roemmich2001eddy,
  title={Eddy transport of heat and thermocline waters in the North Pacific: A key to interannual/decadal climate variability?},
  author={Roemmich, Dean and Gilson, John},
  journal={Journal of Physical Oceanography},
  volume={31},
  number={3},
  pages={675--687},
  year={2001}
}

@article{ducet2000global,
  title={Global high-resolution mapping of ocean circulation from TOPEX/Poseidon and ERS-1 and-2},
  author={Ducet, N and Le Traon, Pierre-Yves and Reverdin, Gilles},
  journal={Journal of Geophysical Research: Oceans},
  volume={105},
  number={C8},
  pages={19477--19498},
  year={2000},
  publisher={Wiley Online Library}
}

@article{guan2022seasonal,
  title={Seasonal Surface Eddy Mixing in the Kuroshio Extension: Estimation and Machine Learning Prediction},
  author={Guan, Wenting and Chen, Ru and Zhang, Hong and Yang, Yi and Wei, Hao},
  journal={Journal of Geophysical Research: Oceans},
  pages={e2021JC017967},
  year={2022},
  publisher={Wiley Online Library}
}

@article{mccoy2020global,
  title={Global observations of submesoscale coherent vortices in the ocean},
  author={McCoy, Daniel and Bianchi, Daniele and Stewart, Andrew L},
  journal={Progress in Oceanography},
  volume={189},
  pages={102452},
  year={2020},
  publisher={Elsevier}
}

@article{andrade2020genesis,
  title={Genesis, evolution, and apocalypse of Loop Current rings},
  author={Andrade-Canto, Fernando and Karrasch, D and Beron-Vera, Francisco J},
  journal={Physics of Fluids},
  volume={32},
  number={11},
  pages={116603},
  year={2020},
  publisher={AIP Publishing LLC}
}

@article{xia2022global,
  title={Global oceanic mass transport by coherent eddies},
  author={Xia, Qiong and Li, Gaocong and Dong, Changming},
  journal={Journal of Physical Oceanography},
  year={2022}
}

@article{vortmeyer2016detecting,
  title={Detecting and tracking eddies in oceanic flow fields: a Lagrangian descriptor based on the modulus of vorticity},
  author={Vortmeyer-Kley, Rahel and Gr{\"a}we, Ulf and Feudel, Ulrike},
  journal={Nonlinear Processes in Geophysics},
  volume={23},
  number={4},
  pages={159--173},
  year={2016},
  publisher={Copernicus GmbH}
}


@article{beron2018enduring,
  title={Enduring Lagrangian coherence of a Loop Current ring assessed using independent observations},
  author={Beron-Vera, Francisco J and Olascoaga, Mar{\'\i}a J and Wang, Yan and Tri{\~n}anes, Joaqu{\'\i}n and P{\'e}rez-Brunius, Paula},
  journal={Scientific reports},
  volume={8},
  number={1},
  pages={1--12},
  year={2018},
  publisher={Nature publishing group}
}

@article{he2022lagrangian,
  title={Lagrangian eddies in the Northwestern Pacific Ocean},
  author={He, Qiu and Tian, Fenglin and Yang, Xiaokun and Chen, Ge},
  journal={Journal of Oceanology and Limnology},
  volume={40},
  number={1},
  pages={66--77},
  year={2022},
  publisher={Springer}
}

@article{peacock2013lagrangian,
  title={Lagrangian coherent structures: The hidden skeleton of fluid flows},
  author={Peacock, Thomas and Haller, George},
  journal={Physics today},
  volume={66},
  number={2},
  pages={41},
  year={2013}
}


@article{xu2019oceanic,
  title={Oceanic eddy identification using an AI scheme},
  author={Xu, Guangjun and Cheng, Cheng and Yang, Wenxian and Xie, Wenhong and Kong, Lingmei and Hang, Renlong and Ma, Furong and Dong, Changming and Yang, Jingsong},
  journal={Remote Sensing},
  volume={11},
  number={11},
  pages={1349},
  year={2019},
  publisher={Multidisciplinary Digital Publishing Institute}
}


@article{laxenaire2018anticyclonic,
  title={Anticyclonic eddies connecting the western boundaries of Indian and Atlantic Oceans},
  author={Laxenaire, R and Speich, S and Blanke, Bruno and Chaigneau, Alexis and Pegliasco, C and Stegner, A},
  journal={Journal of Geophysical Research: Oceans},
  volume={123},
  number={11},
  pages={7651--7677},
  year={2018},
  publisher={Wiley Online Library}
}

@article{mazloff2010eddy,
  title={An eddy-permitting Southern Ocean state estimate},
  author={Mazloff, Matthew R and Heimbach, Patrick and Wunsch, Carl},
  journal={Journal of Physical Oceanography},
  volume={40},
  number={5},
  pages={880--899},
  year={2010},
  publisher={American Meteorological Society}
}

@article{verdy2017data,
  title={A data assimilating model for estimating S outhern O cean biogeochemistry},
  author={Verdy, Ariane and Mazloff, Matthew R},
  journal={Journal of Geophysical Research: Oceans},
  volume={122},
  number={9},
  pages={6968--6988},
  year={2017},
  publisher={Wiley Online Library}
}

@article{haller2016defining,
  title={Defining coherent vortices objectively from the vorticity},
  author={Haller, George and Hadjighasem, Alireza and Farazmand, Mohammad and Huhn, Florian},
  journal={Journal of Fluid Mechanics},
  volume={795},
  pages={136--173},
  year={2016},
  publisher={Cambridge University Press}
}

@article{tarshish2018identifying,
  title={Identifying Lagrangian coherent vortices in a mesoscale ocean model},
  author={Tarshish, Nathaniel and Abernathey, Ryan and Zhang, Ci and Dufour, Carolina O and Frenger, Ivy and Griffies, Stephen M},
  journal={Ocean Modelling},
  volume={130},
  pages={15--28},
  year={2018},
  publisher={Elsevier}
}

@article{weijer2020zapiola,
  title={The Zapiola Anticyclone: A Lagrangian study of its kinematics in an eddy-permitting ocean model},
  author={Weijer, Wilbert and Barthel, Alice and Veneziani, Milena and Steiner, Hannah},
  journal={Deep Sea Research Part I: Oceanographic Research Papers},
  volume={164},
  pages={103308},
  year={2020},
  publisher={Elsevier}
}

@article{frajka2019atlantic,
  title={Atlantic meridional overturning circulation: Observed transport and variability},
  author={Frajka-Williams, Eleanor and Ansorge, Isabelle J and Baehr, Johanna and Bryden, Harry L and Chidichimo, Maria Paz and Cunningham, Stuart A and Danabasoglu, Gokhan and Dong, Shenfu and Donohue, Kathleen A and Elipot, Shane and others},
  journal={Frontiers in Marine Science},
  pages={260},
  year={2019},
  publisher={Frontiers}
}

@article{dewar1998topography,
  title={Topography and barotropic transport control by bottom friction},
  author={Dewar, William K},
  journal={Journal of Marine Research},
  volume={56},
  number={2},
  pages={295--328},
  year={1998},
  publisher={Sears Foundation for Marine Research}
}

@book{talley2011descriptive,
  title={Descriptive physical oceanography: an introduction},
  author={Talley, Lynne D},
  year={2011},
  publisher={Academic press}
}

@article{weijer2015eddy,
  title={Eddy-driven sediment transport in the A rgentine B asin: Is the height of the Z apiola R ise hydrodynamically controlled?},
  author={Weijer, Wilbert and Maltrud, Mathew E and Homoky, William B and Polzin, Kurt L and Maas, Leo RM},
  journal={Journal of Geophysical Research: Oceans},
  volume={120},
  number={3},
  pages={2096--2111},
  year={2015},
  publisher={Wiley Online Library}
}

@article{jullion2010circulation,
  title={Circulation and water mass modification in the Brazil--Malvinas Confluence},
  author={Jullion, Loic and Heywood, Karen J and Naveira Garabato, Alberto C and Stevens, David P},
  journal={Journal of Physical Oceanography},
  volume={40},
  number={5},
  pages={845--864},
  year={2010}
}

@article{saunders1995bottom,
  title={Bottom currents derived from a shipborne ADCP on WOCE cruise A11 in the South Atlantic},
  author={Saunders, Peter M and King, Brian A},
  journal={Journal of Physical Oceanography},
  volume={25},
  number={3},
  pages={329--347},
  year={1995}
}

@article{marshall2006estimates,
  title={Estimates and implications of surface eddy diffusivity in the Southern Ocean derived from tracer transport},
  author={Marshall, John and Shuckburgh, Emily and Jones, Helen and Hill, Chris},
  journal={Journal of physical oceanography},
  volume={36},
  number={9},
  pages={1806--1821},
  year={2006}
}

@article{lin2015three,
  title={Three-dimensional properties of mesoscale eddies in the South China Sea based on eddy-resolving model output},
  author={Lin, Xiayan and Dong, Changming and Chen, Dake and Liu, Yu and Yang, Jingsong and Zou, Bin and Guan, Yuping},
  journal={Deep Sea Research Part I: Oceanographic Research Papers},
  volume={99},
  pages={46--64},
  year={2015},
  publisher={Elsevier}
}

@article{calil2008eddy,
  title={Eddy activity in the lee of the Hawaiian Islands},
  author={Calil, Paulo HR and Richards, Kelvin J and Jia, Yanli and Bidigare, Robert R},
  journal={Deep Sea Research Part II: Topical Studies in Oceanography},
  volume={55},
  number={10-13},
  pages={1179--1194},
  year={2008},
  publisher={Elsevier}
}

@article{chelton2007global,
  title={Global observations of large oceanic eddies},
  author={Chelton, Dudley B and Schlax, Michael G and Samelson, Roger M and de Szoeke, Roland A},
  journal={Geophysical Research Letters},
  volume={34},
  number={15},
  year={2007},
  publisher={Wiley Online Library}
}

@book{price2006lagrangian,
  title={Lagrangian and eulerian representations of fluid flow: Kinematics and the equations of motion},
  author={Price, James F},
  year={2006},
  publisher={MIT OpenCourseWare}
}

@article{teng2021does,
  title={Does the wind stress always damp an oceanic eddy?},
  author={Teng, Fangyuan and Dong, Changming and Ji, Jinlin and Bethel, Brandon J and Pan, Aijun and Xu, Chi},
  journal={Geoscience Letters},
  volume={8},
  number={1},
  pages={1--6},
  year={2021},
  publisher={SpringerOpen}
}

@article{xu2016work,
  title={Work done by atmospheric winds on mesoscale ocean eddies},
  author={Xu, Chi and Zhai, Xiaoming and Shang, Xiao-Dong},
  journal={Geophysical Research Letters},
  volume={43},
  number={23},
  pages={12--174},
  year={2016},
  publisher={Wiley Online Library}
}

@article{renault2019remarkable,
  title={Remarkable control of western boundary currents by eddy killing, a mechanical air-sea coupling process},
  author={Renault, Lionel and Marchesiello, Patrick and Masson, S{\'e}bastien and Mcwilliams, James C},
  journal={Geophysical Research Letters},
  volume={46},
  number={5},
  pages={2743--2751},
  year={2019},
  publisher={Wiley Online Library}
}

@article{volkov2008eddy,
  title={Eddy-induced meridional heat transport in the ocean},
  author={Volkov, Denis L and Lee, Tong and Fu, Lee-Lueng},
  journal={Geophysical Research Letters},
  volume={35},
  number={20},
  year={2008},
  publisher={Wiley Online Library}
}

@article{stammer1998eddy,
  title={On eddy characteristics, eddy transports, and mean flow properties},
  author={Stammer, Detlef},
  journal={Journal of Physical Oceanography},
  volume={28},
  number={4},
  pages={727--739},
  year={1998}
}

@article{chen2012eddy,
  title={Eddy heat and salt transports in the South China Sea and their seasonal modulations},
  author={Chen, Gengxin and Gan, Jianping and Xie, Qiang and Chu, Xiaoqing and Wang, Dongxiao and Hou, Yijun},
  journal={Journal of Geophysical Research: Oceans},
  volume={117},
  number={C5},
  year={2012},
  publisher={Wiley Online Library}
}

@article{fontela2021anthropogenic,
  title={Anthropogenic CO2 and ocean acidification in Argentine Basin Water Masses over almost five decades of observations},
  author={Fontela, Marcos and Velo, Ant{\'o}n and Gilcoto, Miguel and P{\'e}rez, Fiz F},
  journal={Science of The Total Environment},
  volume={779},
  pages={146570},
  year={2021},
  publisher={Elsevier}
}

@article{sandalyuk2021three,
  title={Three-Dimensional Structure of the mesoscale eddies in the Agulhas Current region from hydrological and altimetry data},
  author={Sandalyuk, NV and Belonenko, TV},
  journal={Russian Journal of Earth Sciences},
  volume={21},
  number={4},
  pages={5},
  year={2021},
  publisher={Федеральное государственное бюджетное учреждение науки {\guillemotleft}Геофизический центр~…}
}

@article{feng2021four,
	title={Four types of baroclinic instability waves in the global oceans and the implications for the vertical structure of mesoscale eddies},
	author={Feng, Ling and Liu, Chuanyu and K{\"o}hl, Armin and Stammer, Detlef and Wang, Fan},
	journal={Journal of Geophysical Research: Oceans},
	volume={126},
	number={3},
	pages={e2020JC016966},
	year={2021},
	publisher={Wiley Online Library}
}

@article{verma2021lagrangian,
	title={Lagrangian three-dimensional transport and dispersion by submesoscale currents at an upper-ocean front},
	author={Verma, Vicky and Sarkar, Sutanu},
	journal={Ocean Modelling},
	volume={165},
	pages={101844},
	year={2021},
	publisher={Elsevier}
}

@article{mukiibi2016three,
	title={Three-dimensional chaotic advection by mixed layer baroclinic instabilities},
	author={Mukiibi, Daniel and Badin, Gualtiero and Serra, Nuno},
	journal={Journal of Physical Oceanography},
	volume={46},
	number={5},
	pages={1509--1529},
	year={2016},
	publisher={American Meteorological Society}
}

@article{cohanim2021dynamics,
	title={Dynamics of eddies generated by sea ice leads},
	author={Cohanim, Kaylie and Zhao, Ken X and Stewart, Andrew L},
	journal={Journal of Physical Oceanography},
	volume={51},
	number={10},
	pages={3071--3092},
	year={2021}
}